@article{kingma2013auto,
author = {Kingma, Diederik P and Welling, Max}, 
booktitle = {}, 
journal = {arXiv preprint arXiv:1312.6114}, 
pages = {}, 
volume = {}, 
title = {Auto-encoding variational bayes}, 
year = {2013}, 
}
@article{paisley2012variational,
author = {Paisley, John and Blei, David and Jordan, Michael}, 
booktitle = {}, 
journal = {arXiv preprint arXiv:1206.6430}, 
pages = {}, 
volume = {}, 
title = {Variational Bayesian inference with stochastic search}, 
year = {2012}, 
}
@article{vincent2011connection,
author = {Vincent, Pascal}, 
booktitle = {}, 
journal = {Neural computation}, 
pages = {1661--1674}, 
volume = {23}, 
title = {A connection between score matching and denoising autoencoders}, 
year = {2011}, 
}

@article{anderson1982reverse,
  title={Reverse-time diffusion equation models},
  author={Anderson, Brian DO},
  journal={Stochastic Processes and their Applications},
  volume={12},
  number={3},
  pages={313--326},
  year={1982},
  publisher={Elsevier}
}
