@article{vaswani2017attention,
author = {Vaswani, Ashish and Shazeer, Noam and Parmar, Niki and Uszkoreit, Jakob and Jones, Llion and Gomez, Aidan N and Kaiser, {\L}ukasz and Polosukhin, Illia}, 
booktitle = {}, 
journal = {Advances in neural information processing systems}, 
pages = {}, 
volume = {30}, 
title = {Attention is all you need}, 
year = {2017}, 
}
