@article{ho2020denoising,
author = {Ho, Jonathan and Jain, Ajay and Abbeel, Pieter}, 
booktitle = {}, 
journal = {Advances in Neural Information Processing Systems}, 
pages = {6840--6851}, 
volume = {33}, 
title = {Denoising diffusion probabilistic models}, 
year = {2020}, 
}

@inproceedings{sohl2015deep,
  title={Deep unsupervised learning using nonequilibrium thermodynamics},
  author={Sohl-Dickstein, Jascha and Weiss, Eric and Maheswaranathan, Niru and Ganguli, Surya},
  booktitle={International Conference on Machine Learning},
  pages={2256--2265},
  year={2015},
  organization={PMLR}
}

@article{song2019generative,
author = {Song, Yang and Ermon, Stefano}, 
booktitle = {}, 
journal = {Advances in Neural Information Processing Systems}, 
pages = {}, 
volume = {32}, 
title = {Generative modeling by estimating gradients of the data distribution}, 
year = {2019}, 
}

@inproceedings{song2020sliced,
author = {Song, Yang and Garg, Sahaj and Shi, Jiaxin and Ermon, Stefano}, 
booktitle = {Uncertainty in Artificial Intelligence}, 
journal = {}, 
pages = {574--584}, 
volume = {}, 
title = {Sliced score matching: A scalable approach to density and score estimation}, 
year = {2019}, 
}

@article{song2020score,
  title={Score-based generative modeling through stochastic differential equations},
  author={Song, Yang and Sohl-Dickstein, Jascha and Kingma, Diederik P and Kumar, Abhishek and Ermon, Stefano and Poole, Ben},
  journal={arXiv preprint arXiv:2011.13456},
  year={2020}
}

@article{hyvarinen2005estimation,
  title={Estimation of non-normalized statistical models by score matching.},
  author={Hyv{\"a}rinen, Aapo and Dayan, Peter},
  journal={Journal of Machine Learning Research},
  volume={6},
  number={4},
  year={2005}
}

@article{vincent2011connection,
  title={A connection between score matching and denoising autoencoders},
  author={Vincent, Pascal},
  journal={Neural computation},
  volume={23},
  number={7},
  pages={1661--1674},
  year={2011},
  publisher={MIT Press}
}
