@article{leplat2020blind,
author = {Leplat, Valentin and Gillis, Nicolas and Ang, Andersen MS}, 
booktitle = {}, 
journal = {IEEE Transactions on Signal Processing}, 
pages = {3400--3410}, 
volume = {68}, 
title = {Blind audio source separation with minimum-volume beta-divergence NMF}, 
year = {2020}, 
}
@article{vidal2011subspace_tutorial,
author = {Vidal, Ren{\'e}}, 
booktitle = {}, 
journal = {IEEE Signal Processing Magazine}, 
pages = {52--68}, 
volume = {28}, 
title = {A Tutorial on Subspace Clustering}, 
year = {2011}, 
}
