@article{weyl1912asymptotische,
  title={Das asymptotische Verteilungsgesetz der Eigenwerte linearer partieller Differentialgleichungen (mit einer Anwendung auf die Theorie der Hohlraumstrahlung)},
  author={Weyl, Hermann},
  journal={Mathematische Annalen},
  volume={71},
  number={4},
  pages={441--479},
  year={1912},
  publisher={Springer}
}
@book{shalev2014understanding,
author = {Shalev-Shwartz, Shai and Ben-David, Shai}, 
booktitle = {}, 
journal = {}, 
pages = {}, 
volume = {}, 
title = {Understanding machine learning: From theory to algorithms}, 
year = {2014}, 
}
