@book{peters2017elements,
  title={Elements of causal inference: foundations and learning algorithms},
  author={Peters, Jonas and Janzing, Dominik and Sch{\"o}lkopf, Bernhard},
  year={2017},
  publisher={The MIT Press}
}
