@inproceedings{madjiheurem2021expected,
  title={Expected eligibility traces},
  author={Madjiheurem, S and van Hasselt, H and Hessel, Matteo and Barreto, A and Silver, D and Borsa, Diana},
  booktitle={Proceedings of the AAAI Conference on Artificial Intelligence},
  volume={35},
  year={2021},
  organization={Association for the Advancement of Artificial Intelligence (AAAI)}
}
@book{bertsekas2012dynamic,
author = {Bertsekas, Dimitri}, 
booktitle = {}, 
journal = {}, 
pages = {}, 
volume = {1}, 
title = {Dynamic programming and optimal control: Volume I}, 
year = {2012}, 
}
