@misc{bertsekas1999dynamic,
author = {Bertsekas, D}, 
booktitle = {}, 
journal = {}, 
pages = {}, 
volume = {}, 
title = {Dynamic Programming and Optimal Controlvolume 2}, 
year = {1999}, 
}
