@article{scarlett2019introductory,
  title={An introductory guide to Fano's inequality with applications in statistical estimation},
  author={Scarlett, Jonathan and Cevher, Volkan},
  journal={arXiv preprint arXiv:1901.00555},
  year={2019}
}

@article{duchi2016lecture,
  title={Lecture notes for statistics 311/electrical engineering 377},
  author={Duchi, John},
  journal={URL: https://stanford. edu/class/stats311/Lectures/full notes. pdf. Last visited on},
  volume={2},
  pages={23},
  year={2016}
}

@article{davenport20141,
  title={1-bit matrix completion},
  author={Davenport, Mark A and Plan, Yaniv and Van Den Berg, Ewout and Wootters, Mary},
  journal={Information and Inference: A Journal of the IMA},
  volume={3},
  number={3},
  pages={189--223},
  year={2014},
  publisher={OUP}
}
@book{Tsybakov:1315296,
      author        = "Tsybakov, Alexandre B",
      title         = "{Introduction to Nonparametric Estimation}",
      publisher     = "Springer",
      address       = "Dordrecht",
      series        = "Springer series in statistics",
      year          = "2009",
      url           = "https://cds.cern.ch/record/1315296",
      doi           = "10.1007/b13794",
}
