@article{ho2020denoising,
author = {Ho, Jonathan and Jain, Ajay and Abbeel, Pieter}, 
booktitle = {}, 
journal = {Advances in Neural Information Processing Systems}, 
pages = {6840--6851}, 
volume = {33}, 
title = {Denoising diffusion probabilistic models}, 
year = {2020}, 
}

@inproceedings{sohl2015deep,
  title={Deep unsupervised learning using nonequilibrium thermodynamics},
  author={Sohl-Dickstein, Jascha and Weiss, Eric and Maheswaranathan, Niru and Ganguli, Surya},
  booktitle={International Conference on Machine Learning},
  pages={2256--2265},
  year={2015},
  organization={PMLR}
}

@article{song2019generative,
author = {Song, Yang and Ermon, Stefano}, 
booktitle = {}, 
journal = {Advances in Neural Information Processing Systems}, 
pages = {}, 
volume = {32}, 
title = {Generative modeling by estimating gradients of the data distribution}, 
year = {2019}, 
}

@inproceedings{song2020sliced,
author = {Song, Yang and Garg, Sahaj and Shi, Jiaxin and Ermon, Stefano}, 
booktitle = {Uncertainty in Artificial Intelligence}, 
journal = {}, 
pages = {574--584}, 
volume = {}, 
title = {Sliced score matching: A scalable approach to density and score estimation}, 
year = {2019}, 
}

@article{hyvarinen2005estimation,
author = {Hyv{\"a}rinen, Aapo and Dayan, Peter}, 
booktitle = {}, 
journal = {Journal of Machine Learning Research}, 
pages = {}, 
volume = {6}, 
title = {Estimation of non-normalized statistical models by score matching}, 
year = {2005}, 
}

@article{vincent2011connection,
author = {Vincent, Pascal}, 
booktitle = {}, 
journal = {Neural computation}, 
pages = {1661--1674}, 
volume = {23}, 
title = {A connection between score matching and denoising autoencoders}, 
year = {2011}, 
}
@inproceedings{wenliang2019learning,
author = {Wenliang, Li and Sutherland, Danica J and Strathmann, Heiko and Gretton, Arthur}, 
booktitle = {International Conference on Machine Learning}, 
journal = {}, 
pages = {6737--6746}, 
volume = {}, 
title = {Learning deep kernels for exponential family densities}, 
year = {2019}, 
}
@article{du2019implicit,
author = {Du, Yilun and Mordatch, Igor}, 
booktitle = {}, 
journal = {Advances in Neural Information Processing Systems}, 
pages = {}, 
volume = {32}, 
title = {Implicit generation and modeling with energy based models}, 
year = {2019}, 
}

@article{song2020score,
author = {Song, Yang and Sohl-Dickstein, Jascha and Kingma, Diederik P and Kumar, Abhishek and Ermon, Stefano and Poole, Ben}, 
booktitle = {}, 
journal = {arXiv preprint arXiv:2011.13456}, 
pages = {}, 
volume = {}, 
title = {Score-based generative modeling through stochastic differential equations}, 
year = {2020}, 
}
@article{wang2022zero,
author = {Wang, Yinhuai and Yu, Jiwen and Zhang, Jian}, 
booktitle = {}, 
journal = {arXiv preprint arXiv:2212.00490}, 
pages = {}, 
volume = {}, 
title = {Zero-Shot Image Restoration Using Denoising Diffusion Null-Space Model}, 
year = {2022}, 
}
@inproceedings{rombach2022high,
author = {Rombach, Robin and Blattmann, Andreas and Lorenz, Dominik and Esser, Patrick and Ommer, Bj{\"o}rn}, 
booktitle = {Proceedings of the IEEE/CVF Conference on Computer Vision and Pattern Recognition}, 
journal = {}, 
pages = {10684--10695}, 
volume = {}, 
title = {High-resolution image synthesis with latent diffusion models}, 
year = {2022}, 
}

@book{bishop2006pattern,
  title={Pattern recognition and machine learning},
  author={Bishop, Christopher M and Nasrabadi, Nasser M},
  volume={4},
  number={4},
  year={2006},
  publisher={Springer}
}
@article{song2021solving,
author = {Song, Yang and Shen, Liyue and Xing, Lei and Ermon, Stefano}, 
booktitle = {}, 
journal = {arXiv preprint arXiv:2111.08005}, 
pages = {}, 
volume = {}, 
title = {Solving inverse problems in medical imaging with score-based generative models}, 
year = {2021}, 
}
@inproceedings{graikos2022diffusion,
author = {Alexandros Graikos and Nikolay Malkin and Nebojsa Jojic and Dimitris Samaras}, 
booktitle = {Thirty-Sixth Conference on Neural Information Processing Systems}, 
journal = {}, 
pages = {}, 
volume = {}, 
title = {Diffusion Models as Plug-and-Play Priors}, 
year = {2022}, 
}
@article{carlini2023extracting,
author = {Carlini, Nicholas and Hayes, Jamie and Nasr, Milad and Jagielski, Matthew and Sehwag, Vikash and Tram{\`e}r, Florian and Balle, Borja and Ippolito, Daphne and Wallace, Eric}, 
booktitle = {}, 
journal = {arXiv preprint arXiv:2301.13188}, 
pages = {}, 
volume = {}, 
title = {Extracting training data from diffusion models}, 
year = {2023}, 
}
@article{kingma2013auto,
author = {Kingma, Diederik P and Welling, Max}, 
booktitle = {}, 
journal = {arXiv preprint arXiv:1312.6114}, 
pages = {}, 
volume = {}, 
title = {Auto-encoding variational bayes}, 
year = {2013}, 
}
