@article{hoyer2008nonlinear,
  title={Nonlinear causal discovery with additive noise models},
  author={Hoyer, Patrik and Janzing, Dominik and Mooij, Joris M and Peters, Jonas and Sch{\"o}lkopf, Bernhard},
  journal={Advances in neural information processing systems},
  volume={21},
  year={2008}
}

@article{le_fast_2019,
	title = {A fast {PC} algorithm for high dimensional causal discovery with multi-core {PCs}},
	volume = {16},
	issn = {1545-5963, 1557-9964, 2374-0043},
	language = {en},
	number = {5},
	urldate = {2022-03-16},
	journal = {IEEE/ACM Transactions on Computational Biology and Bioinformatics},
	author = {Le, Thuc Duy and Hoang, Tao and Li, Jiuyong and Liu, Lin and Liu, Huawen},
	month = sep,
	year = {2019},
	note = {arXiv: 1502.02454},
	keywords = {Computer Science - Artificial Intelligence},
	pages = {1483--1495},
}

@book{spirtes2000causation,
  title={Causation, prediction, and search},
  author={Spirtes, Peter and Glymour, Clark N and Scheines, Richard and Heckerman, David},
  year={2000},
  publisher={MIT press}
}

@article{chickering2004large,
  title={Large-sample learning of Bayesian networks is NP-hard},
  author={Chickering, Max and Heckerman, David and Meek, Chris},
  journal={Journal of Machine Learning Research},
  volume={5},
  pages={1287--1330},
  year={2004}
}

@article{zheng2018dags,
  title={Dags with no tears: Continuous optimization for structure learning},
  author={Zheng, Xun and Aragam, Bryon and Ravikumar, Pradeep K and Xing, Eric P},
  journal={Advances in Neural Information Processing Systems},
  volume={31},
  year={2018}
}

@article{loh2014high,
  title={High-dimensional learning of linear causal networks via inverse covariance estimation},
  author={Loh, Po-Ling and B{\"u}hlmann, Peter},
  journal={The Journal of Machine Learning Research},
  volume={15},
  number={1},
  pages={3065--3105},
  year={2014},
  publisher={JMLR. org}
}

@article{van2013ell_,
  title={$\ell_0$-penalized maximum likelihood for sparse directed acyclic graphs},
  author={Van de Geer, Sara and B{\"u}hlmann, Peter},
  journal={The Annals of Statistics},
  volume={41},
  number={2},
  pages={536--567},
  year={2013},
  publisher={Institute of Mathematical Statistics}
}

@article{chickering2002optimal,
  title={Optimal structure identification with greedy search},
  author={Chickering, David Maxwell},
  journal={Journal of machine learning research},
  volume={3},
  number={Nov},
  pages={507--554},
  year={2002}
}

@article{al2010new,
  title={A new scaling and squaring algorithm for the matrix exponential},
  author={Al-Mohy, Awad H and Higham, Nicholas J},
  journal={SIAM Journal on Matrix Analysis and Applications},
  volume={31},
  number={3},
  pages={970--989},
  year={2010},
  publisher={SIAM}
}

@article{ramsey2017million,
  title={A million variables and more: the fast greedy equivalence search algorithm for learning high-dimensional graphical causal models, with an application to functional magnetic resonance images},
  author={Ramsey, Joseph and Glymour, Madelyn and Sanchez-Romero, Ruben and Glymour, Clark},
  journal={International journal of data science and analytics},
  volume={3},
  number={2},
  pages={121--129},
  year={2017},
  publisher={Springer}
}

@article{glymour2019review,
  title={Review of causal discovery methods based on graphical models},
  author={Glymour, Clark and Zhang, Kun and Spirtes, Peter},
  journal={Frontiers in genetics},
  volume={10},
  pages={524},
  year={2019},
  publisher={Frontiers}
}
